@article{knuth84,
  author = {Knuth, Donald E.},
  title = {Literate Programming},
  year = {1984},
  issue_date = {May 1984},
  publisher = {Oxford University Press, Inc.},
  address = {USA},
  volume = {27},
  number = {2},
  issn = {0010-4620},
  url = {https://doi.org/10.1093/comjnl/27.2.97},
  doi = {10.1093/comjnl/27.2.97},
  journal = {Comput. J.},
  month = may,
  pages = {97â€“111},
  numpages = {15}
}

@article{allesina2019,
	title = {Computing Skills for Biologists},
	author = {Allesina, Stefano and Wilmes, Madlen},
	year = {2019},
	month = {01},
	date = {2019-01-15},
	doi = {10.2307/j.ctvc77jrc},
	url = {http://dx.doi.org/10.2307/j.ctvc77jrc}
}

@book{meneely2017,
  title={Genetics: genes, genomes, and evolution},
  author={Meneely, Philip Mark and Hoang, Rachel Dawes and Okeke, Iruka N and Heston, Katherine},
  year={2017},
  publisher={Oxford University Press}
}

@book{brown2018,
  title={Genomes 4},
  author={Brown, Terence A},
  year={2018},
  publisher={Garland science}
}

@article{giani2020,
  title={Long walk to genomics: History and current approaches to genome sequencing and assembly},
  author={Giani, Alice Maria and Gallo, Guido Roberto and Gianfranceschi, Luca and Formenti, Giulio},
  journal={Computational and Structural Biotechnology Journal},
  volume={18},
  pages={9--19},
  year={2020},
  publisher={Elsevier}
}

@book{makinen2015,
  title={Genome-scale algorithm design},
  author={M{\"a}kinen, Veli and Belazzougui, Djamal and Cunial, Fabio and Tomescu, Alexandru I},
  year={2015},
  publisher={Cambridge University Press}
}